<?xml version="1.0" encoding="UTF-8"?><collection xmlns="http://www.loc.gov/MARC21/slim"><record><leader>00412nam--2200145-i-4500</leader><controlfield tag="001">000012943</controlfield><controlfield tag="002">20161230</controlfield><controlfield tag="005">20161230201030</controlfield><controlfield tag="008">060222s1000------------r-----000-0-eng-d</controlfield><datafield ind1=" " ind2=" " tag="080"><subfield code="a">515.162.4(043)</subfield></datafield><datafield ind1=" " ind2=" " tag="100"><subfield code="a">Berberi, Sami</subfield></datafield><datafield ind1=" " ind2=" " tag="245"><subfield code="a">Type simple d homotopie et varietes de dimensi on 4 contractiles.these</subfield></datafield><datafield ind1=" " ind2=" " tag="260"><subfield code="a">Paris, Universite, 1977. 52 P</subfield></datafield><datafield ind1=" " ind2=" " tag="852"><subfield code="a">46827</subfield><subfield code="c">515/516</subfield></datafield><datafield ind1=" " ind2=" " tag="CAT"><subfield code="a">Sys</subfield><subfield code="c">20080613</subfield><subfield code="h">084935</subfield></datafield></record></collection>